@mastersthesis{dobson2022,
  author = {Dobson, Thomas Magnus},
  title = {Investigating the effects of low-dose UV-B and ambient temperature on dark-induced leaf senescence in Arabidopsis},
  date = {2022-09-27},
  type = {Master's thesis},
  institution = {University of Bristol},
  address = {Bristol, UK},
  url = {https://bit.ly/td-thesis},
  keywords = {Senescence, Arabidopsis, UV-B, Temperature, Leaf, ORE1, PIF4, PIF5}
}